<record><leader>00000cas a22000007a 4500</leader><controlfield tag="001">20980028</controlfield><controlfield tag="008">900131d18831890mouwr ne      0    0eng d</controlfield><datafield ind1=" " ind2=" " tag="010"><subfield code="a">sn 90067588 </subfield></datafield><datafield ind1=" " ind2=" " tag="040"><subfield code="a">MQN</subfield><subfield code="b">eng</subfield><subfield code="c">MQN</subfield><subfield code="d">OCLCQ</subfield></datafield><datafield ind1=" " ind2=" " tag="042"><subfield code="a">msc</subfield></datafield><datafield ind1="0" ind2=" " tag="130"><subfield code="a">Green Ridge enterprise (Green Ridge, Mo.)</subfield></datafield><datafield ind1="1" ind2="0" tag="245"><subfield code="a">Green Ridge enterprise.</subfield></datafield><datafield ind1=" " ind2=" " tag="260"><subfield code="a">Green Ridge, Mo. :</subfield><subfield code="b">Ream &amp; Wyrick</subfield></datafield><datafield ind1=" " ind2=" " tag="300"><subfield code="a">v.</subfield></datafield><datafield ind1=" " ind2=" " tag="310"><subfield code="a">Weekly</subfield></datafield><datafield ind1="1" ind2=" " tag="362"><subfield code="a">Began in 1883? Ceased in 1890?</subfield></datafield><datafield ind1=" " ind2=" " tag="588"><subfield code="a">Description based on: No. 224 (Feb. 8, 1888).</subfield></datafield><datafield ind1=" " ind2="4" tag="651"><subfield code="a">Green Ridge (Mo.)</subfield><subfield code="v">Newspapers.</subfield></datafield><datafield ind1=" " ind2=" " tag="752"><subfield code="a">United States</subfield><subfield code="b">Missouri</subfield><subfield code="c">Pettis</subfield><subfield code="d">Green Ridge.</subfield></datafield><datafield ind1="0" ind2="0" tag="785"><subfield code="t">Pettis County enterprise</subfield><subfield code="w">(DLC)sn 89067589</subfield></datafield></record>